@misc{scl,
      title={Supervised Contrastive Learning}, 
      author={Prannay Khosla and Piotr Teterwak and Chen Wang and Aaron Sarna and Yonglong Tian and Phillip Isola and Aaron Maschinot and Ce Liu and Dilip Krishnan},
      year={2021},
      eprint={2004.11362},
      archivePrefix={arXiv},
      primaryClass={cs.LG}
}

@misc{simcse,
      title={SimCSE: Simple Contrastive Learning of Sentence Embeddings}, 
      author={Tianyu Gao and Xingcheng Yao and Danqi Chen},
      year={2022},
      eprint={2104.08821},
      archivePrefix={arXiv},
      primaryClass={cs.CL}
}

@misc{bert,
      title={BERT: Pre-training of Deep Bidirectional Transformers for Language Understanding}, 
      author={Jacob Devlin and Ming-Wei Chang and Kenton Lee and Kristina Toutanova},
      year={2019},
      eprint={1810.04805},
      archivePrefix={arXiv},
      primaryClass={cs.CL}
}
